@inproceedings{noorshams2013a,
  address = {New York, NY, USA},
  author = {Qais Noorshams and Dominik Bruhn and Samuel Kounev and Ralf Reussner},
  booktitle = {Proceedings of the 4th ACM/SPEC International Conference on Performance Engineering (ICPE'13), Prague, Czech Republic, April 21--24},
  pdf = {http://sdqweb.ipd.kit.edu/publications/pdfs/noorshams2013a.pdf},
  publisher = {ACM},
  title = {{Predictive Performance Modeling of Virtualized Storage Systems using Optimized Statistical Regression Techniques}},
  year = {2013}
}

@inproceedings{noorshams2014a,
  author = {Qais Noorshams and Axel Busch and Andreas Rentschler and Dominik Bruhn and Samuel Kounev and Petr T\r{u}ma and Ralf Reussner},
  booktitle = {34th IEEE International Conference on Distributed Computing Systems Workshops (ICDCS 2014 Workshops). 4th International Workshop on Data Center Performance, DCPerf '14},
  location = {Madrid, Spain},
  title = {{Automated Modeling of I/O Performance and Interference Effects in Virtualized Storage Systems}},
  year = {2014},
}

@Misc{bruhn2012b,
  author = 	 {Dominik Bruhn and Axel Busch and Qais Noorshams and Samuel Kounev and Ralf Reussner},
  title = 	 {{Storage Performance Analyzer (SPA)}},
  year = 	 {2012},
  howpublished = {\url{http://sdqweb.ipd.kit.edu/wiki/SPA}}
}